%YAML 1.1
%TAG !u! tag:unity3d.com,2011:
--- !u!29 &1
OcclusionCullingSettings:
  m_ObjectHideFlags: 0
  serializedVersion: 2
  m_OcclusionBakeSettings:
    smallestOccluder: 5
    smallestHole: 0.25
    backfaceThreshold: 100
  m_SceneGUID: 00000000000000000000000000000000
  m_OcclusionCullingData: {fileID: 0}
--- !u!104 &2
RenderSettings:
  m_ObjectHideFlags: 0
  serializedVersion: 8
  m_Fog: 0
  m_FogColor: {r: 0.5, g: 0.5, b: 0.5, a: 1}
  m_FogMode: 3
  m_FogDensity: 0.01
  m_LinearFogStart: 0
  m_LinearFogEnd: 300
  m_AmbientSkyColor: {r: 0.9632353, g: 0.9632353, b: 0.9632353, a: 1}
  m_AmbientEquatorColor: {r: 0.114, g: 0.125, b: 0.133, a: 1}
  m_AmbientGroundColor: {r: 0.047, g: 0.043, b: 0.035, a: 1}
  m_AmbientIntensity: 1
  m_AmbientMode: 3
  m_SubtractiveShadowColor: {r: 0.42, g: 0.478, b: 0.627, a: 1}
  m_SkyboxMaterial: {fileID: 0}
  m_HaloStrength: 0.5
  m_FlareStrength: 1
  m_FlareFadeSpeed: 3
  m_HaloTexture: {fileID: 0}
  m_SpotCookie: {fileID: 10001, guid: 0000000000000000e000000000000000, type: 0}
  m_DefaultReflectionMode: 0
  m_DefaultReflectionResolution: 128
  m_ReflectionBounces: 1
  m_ReflectionIntensity: 1
  m_CustomReflection: {fileID: 0}
  m_Sun: {fileID: 0}
  m_IndirectSpecularColor: {r: 0, g: 0, b: 0, a: 1}
--- !u!157 &3
LightmapSettings:
  m_ObjectHideFlags: 0
  serializedVersion: 11
  m_GIWorkflowMode: 0
  m_GISettings:
    serializedVersion: 2
    m_BounceScale: 1
    m_IndirectOutputScale: 1
    m_AlbedoBoost: 1
    m_TemporalCoherenceThreshold: 1
    m_EnvironmentLightingMode: 0
    m_EnableBakedLightmaps: 1
    m_EnableRealtimeLightmaps: 1
  m_LightmapEditorSettings:
    serializedVersion: 9
    m_Resolution: 2
    m_BakeResolution: 40
    m_TextureWidth: 1024
    m_TextureHeight: 1024
    m_AO: 0
    m_AOMaxDistance: 1
    m_CompAOExponent: 1
    m_CompAOExponentDirect: 0
    m_Padding: 2
    m_LightmapParameters: {fileID: 0}
    m_LightmapsBakeMode: 1
    m_TextureCompression: 1
    m_FinalGather: 0
    m_FinalGatherFiltering: 1
    m_FinalGatherRayCount: 256
    m_ReflectionCompression: 2
    m_MixedBakeMode: 2
    m_BakeBackend: 0
    m_PVRSampling: 1
    m_PVRDirectSampleCount: 32
    m_PVRSampleCount: 500
    m_PVRBounces: 2
    m_PVRFiltering: 0
    m_PVRFilteringMode: 1
    m_PVRCulling: 1
    m_PVRFilteringGaussRadiusDirect: 1
    m_PVRFilteringGaussRadiusIndirect: 5
    m_PVRFilteringGaussRadiusAO: 2
    m_PVRFilteringAtrousColorSigma: 1
    m_PVRFilteringAtrousNormalSigma: 1
    m_PVRFilteringAtrousPositionSigma: 1
  m_LightingDataAsset: {fileID: 0}
  m_UseShadowmask: 1
--- !u!196 &4
NavMeshSettings:
  serializedVersion: 2
  m_ObjectHideFlags: 0
  m_BuildSettings:
    serializedVersion: 2
    agentTypeID: 0
    agentRadius: 0.5
    agentHeight: 2
    agentSlope: 45
    agentClimb: 0.4
    ledgeDropHeight: 0
    maxJumpAcrossDistance: 0
    minRegionArea: 2
    manualCellSize: 0
    cellSize: 0.16666667
    manualTileSize: 0
    tileSize: 256
    accuratePlacement: 0
  m_NavMeshData: {fileID: 0}
--- !u!1 &79387423
GameObject:
  m_ObjectHideFlags: 0
  m_PrefabParentObject: {fileID: 0}
  m_PrefabInternal: {fileID: 0}
  serializedVersion: 5
  m_Component:
  - component: {fileID: 79387425}
  - component: {fileID: 79387424}
  m_Layer: 0
  m_Name: SceneContext
  m_TagString: Untagged
  m_Icon: {fileID: 0}
  m_NavMeshLayer: 0
  m_StaticEditorFlags: 0
  m_IsActive: 1
--- !u!114 &79387424
MonoBehaviour:
  m_ObjectHideFlags: 0
  m_PrefabParentObject: {fileID: 0}
  m_PrefabInternal: {fileID: 0}
  m_GameObject: {fileID: 79387423}
  m_Enabled: 1
  m_EditorHideFlags: 0
  m_Script: {fileID: 11500000, guid: 89715ad69b973a14899afa2c6730b30b, type: 3}
  m_Name: 
  m_EditorClassIdentifier: 
  _installers: []
  _installerPrefabs: []
  _scriptableObjectInstallers:
  - {fileID: 11400000, guid: ce02544799403458a9641a43dc054c00, type: 2}
  _autoRun: 1
  _parentNewObjectsUnderRoot: 0
  _contractNames: []
  _parentContractName: 
  _parentContractNames: []
--- !u!4 &79387425
Transform:
  m_ObjectHideFlags: 0
  m_PrefabParentObject: {fileID: 0}
  m_PrefabInternal: {fileID: 0}
  m_GameObject: {fileID: 79387423}
  m_LocalRotation: {x: 0, y: 0, z: 0, w: 1}
  m_LocalPosition: {x: 0, y: 0, z: 0}
  m_LocalScale: {x: 1, y: 1, z: 1}
  m_Children: []
  m_Father: {fileID: 0}
  m_RootOrder: 6
  m_LocalEulerAnglesHint: {x: 0, y: 0, z: 0}
--- !u!1 &82017692
GameObject:
  m_ObjectHideFlags: 0
  m_PrefabParentObject: {fileID: 0}
  m_PrefabInternal: {fileID: 0}
  serializedVersion: 5
  m_Component:
  - component: {fileID: 82017698}
  - component: {fileID: 82017697}
  - component: {fileID: 82017696}
  - component: {fileID: 82017695}
  - component: {fileID: 82017694}
  - component: {fileID: 82017693}
  m_Layer: 0
  m_Name: Main Camera (1)
  m_TagString: MainCamera
  m_Icon: {fileID: 0}
  m_NavMeshLayer: 0
  m_StaticEditorFlags: 0
  m_IsActive: 1
--- !u!114 &82017693
MonoBehaviour:
  m_ObjectHideFlags: 0
  m_PrefabParentObject: {fileID: 0}
  m_PrefabInternal: {fileID: 0}
  m_GameObject: {fileID: 82017692}
  m_Enabled: 1
  m_EditorHideFlags: 0
  m_Script: {fileID: 11500000, guid: f89afdb78a0d640c48fa1e1608d9b600, type: 3}
  m_Name: 
  m_EditorClassIdentifier: 
--- !u!81 &82017694
AudioListener:
  m_ObjectHideFlags: 0
  m_PrefabParentObject: {fileID: 0}
  m_PrefabInternal: {fileID: 0}
  m_GameObject: {fileID: 82017692}
  m_Enabled: 1
--- !u!124 &82017695
Behaviour:
  m_ObjectHideFlags: 0
  m_PrefabParentObject: {fileID: 0}
  m_PrefabInternal: {fileID: 0}
  m_GameObject: {fileID: 82017692}
  m_Enabled: 1
--- !u!92 &82017696
Behaviour:
  m_ObjectHideFlags: 0
  m_PrefabParentObject: {fileID: 0}
  m_PrefabInternal: {fileID: 0}
  m_GameObject: {fileID: 82017692}
  m_Enabled: 1
--- !u!20 &82017697
Camera:
  m_ObjectHideFlags: 0
  m_PrefabParentObject: {fileID: 0}
  m_PrefabInternal: {fileID: 0}
  m_GameObject: {fileID: 82017692}
  m_Enabled: 1
  serializedVersion: 2
  m_ClearFlags: 1
  m_BackGroundColor: {r: 0.39999485, g: 0.6336556, b: 1, a: 0.02}
  m_NormalizedViewPortRect:
    serializedVersion: 2
    x: 0
    y: 0
    width: 1
    height: 1
  near clip plane: 0.3
  far clip plane: 1000
  field of view: 60
  orthographic: 1
  orthographic size: 35
  m_Depth: -1
  m_CullingMask:
    serializedVersion: 2
    m_Bits: 4294967295
  m_RenderingPath: -1
  m_TargetTexture: {fileID: 0}
  m_TargetDisplay: 0
  m_TargetEye: 3
  m_HDR: 1
  m_AllowMSAA: 1
  m_ForceIntoRT: 0
  m_OcclusionCulling: 1
  m_StereoConvergence: 10
  m_StereoSeparation: 0.022
  m_StereoMirrorMode: 0
--- !u!4 &82017698
Transform:
  m_ObjectHideFlags: 0
  m_PrefabParentObject: {fileID: 0}
  m_PrefabInternal: {fileID: 0}
  m_GameObject: {fileID: 82017692}
  m_LocalRotation: {x: -0, y: 1, z: -0, w: -0.00000016292068}
  m_LocalPosition: {x: 1.753583, y: 32.009895, z: 5}
  m_LocalScale: {x: 1, y: 1, z: 1}
  m_Children:
  - {fileID: 525492750}
  m_Father: {fileID: 0}
  m_RootOrder: 0
  m_LocalEulerAnglesHint: {x: 0, y: 0, z: 0}
--- !u!1001 &213388099
Prefab:
  m_ObjectHideFlags: 0
  serializedVersion: 2
  m_Modification:
    m_TransformParent: {fileID: 0}
    m_Modifications:
    - target: {fileID: 100000, guid: f9d1199d38d244d4291d69de5d69e27c, type: 2}
      propertyPath: m_Name
      value: Crate (2)
      objectReference: {fileID: 0}
    - target: {fileID: 400000, guid: f9d1199d38d244d4291d69de5d69e27c, type: 2}
      propertyPath: m_LocalRotation.x
      value: 0
      objectReference: {fileID: 0}
    - target: {fileID: 400000, guid: f9d1199d38d244d4291d69de5d69e27c, type: 2}
      propertyPath: m_LocalRotation.y
      value: 0
      objectReference: {fileID: 0}
    - target: {fileID: 400000, guid: f9d1199d38d244d4291d69de5d69e27c, type: 2}
      propertyPath: m_LocalRotation.z
      value: 0
      objectReference: {fileID: 0}
    - target: {fileID: 400000, guid: f9d1199d38d244d4291d69de5d69e27c, type: 2}
      propertyPath: m_LocalRotation.w
      value: 1
      objectReference: {fileID: 0}
    - target: {fileID: 400000, guid: f9d1199d38d244d4291d69de5d69e27c, type: 2}
      propertyPath: m_LocalPosition.x
      value: 3.8
      objectReference: {fileID: 0}
    - target: {fileID: 400000, guid: f9d1199d38d244d4291d69de5d69e27c, type: 2}
      propertyPath: m_LocalPosition.y
      value: 7.6
      objectReference: {fileID: 0}
    - target: {fileID: 400000, guid: f9d1199d38d244d4291d69de5d69e27c, type: 2}
      propertyPath: m_LocalPosition.z
      value: 0
      objectReference: {fileID: 0}
    - target: {fileID: 5400000, guid: f9d1199d38d244d4291d69de5d69e27c, type: 2}
      propertyPath: m_Mass
      value: 2
      objectReference: {fileID: 0}
    - target: {fileID: 400000, guid: f9d1199d38d244d4291d69de5d69e27c, type: 2}
      propertyPath: m_RootOrder
      value: 3
      objectReference: {fileID: 0}
    m_RemovedComponents: []
  m_ParentPrefab: {fileID: 100100000, guid: f9d1199d38d244d4291d69de5d69e27c, type: 2}
  m_IsPrefabParent: 0
--- !u!1001 &411368964
Prefab:
  m_ObjectHideFlags: 0
  serializedVersion: 2
  m_Modification:
    m_TransformParent: {fileID: 82017698}
    m_Modifications:
    - target: {fileID: 2300000, guid: 282260218fb334be6aaf873881e2dd1d, type: 3}
      propertyPath: m_Materials.Array.size
      value: 1
      objectReference: {fileID: 0}
    - target: {fileID: 100000, guid: 282260218fb334be6aaf873881e2dd1d, type: 3}
      propertyPath: m_Layer
      value: 0
      objectReference: {fileID: 0}
    - target: {fileID: 100000, guid: 282260218fb334be6aaf873881e2dd1d, type: 3}
      propertyPath: m_Name
      value: Sky
      objectReference: {fileID: 0}
    - target: {fileID: 400000, guid: 282260218fb334be6aaf873881e2dd1d, type: 3}
      propertyPath: m_LocalRotation.y
      value: -1
      objectReference: {fileID: 0}
    - target: {fileID: 400000, guid: 282260218fb334be6aaf873881e2dd1d, type: 3}
      propertyPath: m_LocalRotation.z
      value: 0
      objectReference: {fileID: 0}
    - target: {fileID: 400000, guid: 282260218fb334be6aaf873881e2dd1d, type: 3}
      propertyPath: m_LocalRotation.w
      value: -0.00000016292068
      objectReference: {fileID: 0}
    - target: {fileID: 400000, guid: 282260218fb334be6aaf873881e2dd1d, type: 3}
      propertyPath: m_LocalPosition.x
      value: 0.5525281
      objectReference: {fileID: 0}
    - target: {fileID: 400000, guid: 282260218fb334be6aaf873881e2dd1d, type: 3}
      propertyPath: m_LocalPosition.y
      value: 0.64686584
      objectReference: {fileID: 0}
    - target: {fileID: 400000, guid: 282260218fb334be6aaf873881e2dd1d, type: 3}
      propertyPath: m_LocalPosition.z
      value: 77.274994
      objectReference: {fileID: 0}
    - target: {fileID: 400000, guid: 282260218fb334be6aaf873881e2dd1d, type: 3}
      propertyPath: m_LocalScale.x
      value: 120
      objectReference: {fileID: 0}
    - target: {fileID: 400000, guid: 282260218fb334be6aaf873881e2dd1d, type: 3}
      propertyPath: m_LocalScale.y
      value: 80
      objectReference: {fileID: 0}
    - target: {fileID: 2300000, guid: 282260218fb334be6aaf873881e2dd1d, type: 3}
      propertyPath: m_Materials.Array.data[0]
      value: 
      objectReference: {fileID: 2100000, guid: 9bc7acaf71d1a4d26acac5745423b223, type: 2}
    m_RemovedComponents: []
  m_ParentPrefab: {fileID: 100100000, guid: 282260218fb334be6aaf873881e2dd1d, type: 3}
  m_IsPrefabParent: 0
--- !u!4 &525492750 stripped
Transform:
  m_PrefabParentObject: {fileID: 400000, guid: 282260218fb334be6aaf873881e2dd1d, type: 3}
  m_PrefabInternal: {fileID: 411368964}
--- !u!1001 &997384750
Prefab:
  m_ObjectHideFlags: 0
  serializedVersion: 2
  m_Modification:
    m_TransformParent: {fileID: 0}
    m_Modifications:
    - target: {fileID: 100000, guid: f9d1199d38d244d4291d69de5d69e27c, type: 2}
      propertyPath: m_Name
      value: Crate (3)
      objectReference: {fileID: 0}
    - target: {fileID: 400000, guid: f9d1199d38d244d4291d69de5d69e27c, type: 2}
      propertyPath: m_LocalRotation.x
      value: 0
      objectReference: {fileID: 0}
    - target: {fileID: 400000, guid: f9d1199d38d244d4291d69de5d69e27c, type: 2}
      propertyPath: m_LocalRotation.y
      value: 0
      objectReference: {fileID: 0}
    - target: {fileID: 400000, guid: f9d1199d38d244d4291d69de5d69e27c, type: 2}
      propertyPath: m_LocalRotation.z
      value: 0
      objectReference: {fileID: 0}
    - target: {fileID: 400000, guid: f9d1199d38d244d4291d69de5d69e27c, type: 2}
      propertyPath: m_LocalRotation.w
      value: 1
      objectReference: {fileID: 0}
    - target: {fileID: 400000, guid: f9d1199d38d244d4291d69de5d69e27c, type: 2}
      propertyPath: m_LocalPosition.x
      value: -0.1
      objectReference: {fileID: 0}
    - target: {fileID: 400000, guid: f9d1199d38d244d4291d69de5d69e27c, type: 2}
      propertyPath: m_LocalPosition.y
      value: 7.6
      objectReference: {fileID: 0}
    - target: {fileID: 400000, guid: f9d1199d38d244d4291d69de5d69e27c, type: 2}
      propertyPath: m_LocalPosition.z
      value: 0
      objectReference: {fileID: 0}
    - target: {fileID: 5400000, guid: f9d1199d38d244d4291d69de5d69e27c, type: 2}
      propertyPath: m_Mass
      value: 2
      objectReference: {fileID: 0}
    - target: {fileID: 400000, guid: f9d1199d38d244d4291d69de5d69e27c, type: 2}
      propertyPath: m_RootOrder
      value: 4
      objectReference: {fileID: 0}
    m_RemovedComponents: []
  m_ParentPrefab: {fileID: 100100000, guid: f9d1199d38d244d4291d69de5d69e27c, type: 2}
  m_IsPrefabParent: 0
--- !u!1001 &1285540661
Prefab:
  m_ObjectHideFlags: 0
  serializedVersion: 2
  m_Modification:
    m_TransformParent: {fileID: 0}
    m_Modifications:
    - target: {fileID: 100000, guid: f9d1199d38d244d4291d69de5d69e27c, type: 2}
      propertyPath: m_Name
      value: Crate
      objectReference: {fileID: 0}
    - target: {fileID: 400000, guid: f9d1199d38d244d4291d69de5d69e27c, type: 2}
      propertyPath: m_LocalRotation.x
      value: 0
      objectReference: {fileID: 0}
    - target: {fileID: 400000, guid: f9d1199d38d244d4291d69de5d69e27c, type: 2}
      propertyPath: m_LocalRotation.y
      value: 0
      objectReference: {fileID: 0}
    - target: {fileID: 400000, guid: f9d1199d38d244d4291d69de5d69e27c, type: 2}
      propertyPath: m_LocalRotation.z
      value: 0
      objectReference: {fileID: 0}
    - target: {fileID: 400000, guid: f9d1199d38d244d4291d69de5d69e27c, type: 2}
      propertyPath: m_LocalRotation.w
      value: 1
      objectReference: {fileID: 0}
    - target: {fileID: 400000, guid: f9d1199d38d244d4291d69de5d69e27c, type: 2}
      propertyPath: m_LocalPosition.x
      value: 7.7
      objectReference: {fileID: 0}
    - target: {fileID: 400000, guid: f9d1199d38d244d4291d69de5d69e27c, type: 2}
      propertyPath: m_LocalPosition.y
      value: 7.6
      objectReference: {fileID: 0}
    - target: {fileID: 400000, guid: f9d1199d38d244d4291d69de5d69e27c, type: 2}
      propertyPath: m_LocalPosition.z
      value: 0
      objectReference: {fileID: 0}
    - target: {fileID: 5400000, guid: f9d1199d38d244d4291d69de5d69e27c, type: 2}
      propertyPath: m_Mass
      value: 2
      objectReference: {fileID: 0}
    - target: {fileID: 400000, guid: f9d1199d38d244d4291d69de5d69e27c, type: 2}
      propertyPath: m_RootOrder
      value: 2
      objectReference: {fileID: 0}
    m_RemovedComponents: []
  m_ParentPrefab: {fileID: 100100000, guid: f9d1199d38d244d4291d69de5d69e27c, type: 2}
  m_IsPrefabParent: 0
--- !u!1001 &1348622346
Prefab:
  m_ObjectHideFlags: 0
  serializedVersion: 2
  m_Modification:
    m_TransformParent: {fileID: 0}
    m_Modifications:
    - target: {fileID: 100000, guid: f9d1199d38d244d4291d69de5d69e27c, type: 2}
      propertyPath: m_Name
      value: Crate (4)
      objectReference: {fileID: 0}
    - target: {fileID: 400000, guid: f9d1199d38d244d4291d69de5d69e27c, type: 2}
      propertyPath: m_LocalRotation.x
      value: 0
      objectReference: {fileID: 0}
    - target: {fileID: 400000, guid: f9d1199d38d244d4291d69de5d69e27c, type: 2}
      propertyPath: m_LocalRotation.y
      value: 0
      objectReference: {fileID: 0}
    - target: {fileID: 400000, guid: f9d1199d38d244d4291d69de5d69e27c, type: 2}
      propertyPath: m_LocalRotation.z
      value: 0
      objectReference: {fileID: 0}
    - target: {fileID: 400000, guid: f9d1199d38d244d4291d69de5d69e27c, type: 2}
      propertyPath: m_LocalRotation.w
      value: 1
      objectReference: {fileID: 0}
    - target: {fileID: 400000, guid: f9d1199d38d244d4291d69de5d69e27c, type: 2}
      propertyPath: m_LocalPosition.x
      value: 1.8
      objectReference: {fileID: 0}
    - target: {fileID: 400000, guid: f9d1199d38d244d4291d69de5d69e27c, type: 2}
      propertyPath: m_LocalPosition.y
      value: 3.5
      objectReference: {fileID: 0}
    - target: {fileID: 400000, guid: f9d1199d38d244d4291d69de5d69e27c, type: 2}
      propertyPath: m_LocalPosition.z
      value: 0
      objectReference: {fileID: 0}
    - target: {fileID: 5400000, guid: f9d1199d38d244d4291d69de5d69e27c, type: 2}
      propertyPath: m_Mass
      value: 2
      objectReference: {fileID: 0}
    - target: {fileID: 400000, guid: f9d1199d38d244d4291d69de5d69e27c, type: 2}
      propertyPath: m_RootOrder
      value: 5
      objectReference: {fileID: 0}
    - target: {fileID: 400000, guid: f9d1199d38d244d4291d69de5d69e27c, type: 2}
      propertyPath: m_LocalScale.x
      value: 20
      objectReference: {fileID: 0}
    - target: {fileID: 5400000, guid: f9d1199d38d244d4291d69de5d69e27c, type: 2}
      propertyPath: m_IsKinematic
      value: 1
      objectReference: {fileID: 0}
    m_RemovedComponents: []
  m_ParentPrefab: {fileID: 100100000, guid: f9d1199d38d244d4291d69de5d69e27c, type: 2}
  m_IsPrefabParent: 0
--- !u!1001 &1516527434
Prefab:
  m_ObjectHideFlags: 0
  serializedVersion: 2
  m_Modification:
    m_TransformParent: {fileID: 0}
    m_Modifications:
    - target: {fileID: 100000, guid: f9d1199d38d244d4291d69de5d69e27c, type: 2}
      propertyPath: m_Name
      value: Crate (1)
      objectReference: {fileID: 0}
    - target: {fileID: 400000, guid: f9d1199d38d244d4291d69de5d69e27c, type: 2}
      propertyPath: m_LocalRotation.x
      value: 0
      objectReference: {fileID: 0}
    - target: {fileID: 400000, guid: f9d1199d38d244d4291d69de5d69e27c, type: 2}
      propertyPath: m_LocalRotation.y
      value: 0
      objectReference: {fileID: 0}
    - target: {fileID: 400000, guid: f9d1199d38d244d4291d69de5d69e27c, type: 2}
      propertyPath: m_LocalRotation.z
      value: 0
      objectReference: {fileID: 0}
    - target: {fileID: 400000, guid: f9d1199d38d244d4291d69de5d69e27c, type: 2}
      propertyPath: m_LocalRotation.w
      value: 1
      objectReference: {fileID: 0}
    - target: {fileID: 400000, guid: f9d1199d38d244d4291d69de5d69e27c, type: 2}
      propertyPath: m_LocalPosition.x
      value: 11.52
      objectReference: {fileID: 0}
    - target: {fileID: 400000, guid: f9d1199d38d244d4291d69de5d69e27c, type: 2}
      propertyPath: m_LocalPosition.y
      value: 7.57
      objectReference: {fileID: 0}
    - target: {fileID: 400000, guid: f9d1199d38d244d4291d69de5d69e27c, type: 2}
      propertyPath: m_LocalPosition.z
      value: 0
      objectReference: {fileID: 0}
    - target: {fileID: 5400000, guid: f9d1199d38d244d4291d69de5d69e27c, type: 2}
      propertyPath: m_Mass
      value: 2
      objectReference: {fileID: 0}
    - target: {fileID: 400000, guid: f9d1199d38d244d4291d69de5d69e27c, type: 2}
      propertyPath: m_RootOrder
      value: 1
      objectReference: {fileID: 0}
    m_RemovedComponents: []
  m_ParentPrefab: {fileID: 100100000, guid: f9d1199d38d244d4291d69de5d69e27c, type: 2}
  m_IsPrefabParent: 0
